% ГОСТ Р 7.0.11-2011, Приложение Б, Книги
@BOOK{ивин2020математический,
  title     = {Математический анализ. Дополнительные главы},
  author    = {Ивин, ЕА and Артамонов, НВ and Курбацкий, АН},
  year      = {2020},
  publisher = {Федеральное государственное бюджетное учреждение науки "Вологодский научный центр Российской академии наук"}
}